time	price	ask	bid	equl	spread
2016-01-04 10:00:10	46.75	46.86	46.75	46.805	0.11
2016-01-04 10:00:15	46.75	47.03	46.53	46.78	0.5
2016-01-04 10:00:25	46.58	47.08	46.56	46.82	0.52
2016-01-04 10:01:15	46.68	58.38	35.07	46.725	23.31
2016-01-04 10:02:05	46.6	46.67	46.47	46.57	0.2
2016-01-04 10:02:10	46.525	46.83	46.37	46.6	0.46
2016-01-04 10:02:35	46.52	46.61	46.39	46.5	0.22
2016-01-04 10:03:10	46.4701	46.59	46.47	46.53	0.12
2016-01-04 10:03:25	46.57	46.76	46.52	46.64	0.24
2016-01-04 10:04:00	46.67	46.76	46.59	46.675	0.17
2016-01-04 10:04:05	46.61	46.86	46.61	46.735	0.25
2016-01-04 10:04:20	46.62	46.86	46.27	46.565	0.59
2016-01-04 10:04:25	46.58	46.85	46.51	46.68	0.34
2016-01-04 10:05:00	46.56	46.86	46.28	46.57	0.58
2016-01-04 10:05:05	46.61	46.7	46.42	46.56	0.28
2016-01-04 10:06:35	46.56	46.74	46.44	46.59	0.3
2016-01-04 10:06:40	46.65	46.66	46.56	46.61	0.1
2016-01-04 10:08:00	46.6	46.66	35.07	40.865	11.59
2016-01-04 10:08:15	46.65	46.7	46.57	46.635	0.13
2016-01-04 10:08:55	46.64	46.86	46.27	46.565	0.59
2016-01-04 10:09:00	46.57	46.74	35.07	40.905	11.67
2016-01-04 10:09:20	46.66	46.77	46.58	46.675	0.19
2016-01-04 10:09:25	46.62	46.72	46.62	46.67	0.1
2016-01-04 10:09:30	46.63	46.77	46.63	46.7	0.14
2016-01-04 10:09:40	46.64	46.77	46.63	46.7	0.14
2016-01-04 10:09:45	46.63	46.73	46.6	46.665	0.13
2016-01-04 10:10:00	46.7	46.72	46.63	46.675	0.09
2016-01-04 10:10:10	46.65	46.71	46.63	46.67	0.08
2016-01-04 10:10:15	46.64	46.83	46.63	46.73	0.2
2016-01-04 10:11:20	46.63	46.79	46.5	46.645	0.29
2016-01-04 10:11:35	46.64	46.68	46.51	46.595	0.17
2016-01-04 10:12:35	46.59	46.86	46.38	46.62	0.48
2016-01-04 10:13:10	46.59	46.6	46.43	46.515	0.17
2016-01-04 10:13:20	46.61	46.66	46.5	46.58	0.16
2016-01-04 10:14:25	46.4975	46.71	46.4	46.555	0.31
2016-01-04 10:14:35	46.51	46.63	46.4	46.515	0.23
2016-01-04 10:14:40	46.52	49.76	46.46	48.11	3.3
2016-01-04 10:14:45	46.55	46.66	46.47	46.565	0.19
2016-01-04 10:15:25	46.65	46.69	46.56	46.625	0.13
2016-01-04 10:15:30	46.7175	46.85	35.07	40.96	11.78
2016-01-04 10:15:55	46.68	46.74	46.63	46.685	0.11
2016-01-04 10:17:30	46.73	46.8	43.07	44.935	3.73
2016-01-04 10:17:35	46.77	46.8	46.68	46.74	0.12
2016-01-04 10:18:05	46.69	46.95	46.45	46.7	0.5
2016-01-04 10:18:10	46.7	58.38	46.54	52.46	11.84
2016-01-04 10:18:45	46.645	46.77	46.59	46.68	0.18
2016-01-04 10:18:50	46.7	46.74	46.61	46.675	0.13
2016-01-04 10:19:05	46.71	46.84	46.66	46.75	0.18
2016-01-04 10:19:10	46.69	46.84	46.66	46.75	0.18
2016-01-04 10:19:15	46.72	46.92	46.69	46.805	0.23
2016-01-04 10:20:45	46.85	46.86	46.75	46.805	0.11
2016-01-04 10:20:50	46.86	46.87	46.81	46.84	0.06
2016-01-04 10:21:00	46.87	46.96	46.82	46.89	0.14
2016-01-04 10:21:10	46.84	46.91	46.84	46.875	0.07
2016-01-04 10:21:15	46.91	47.02	46.74	46.88	0.28
2016-01-04 10:21:50	46.91	47.06	46.53	46.795	0.53
2016-01-04 10:22:30	46.645	46.83	46.57	46.7	0.26
2016-01-04 10:22:35	46.67	46.83	35.07	40.95	11.76
2016-01-04 10:23:30	46.65	46.85	46.55	46.7	0.3
2016-01-04 10:24:05	46.58	46.67	46.46	46.565	0.21
2016-01-04 10:25:00	46.54	46.71	46.48	46.595	0.23
2016-01-04 10:25:25	46.61	46.62	46.44	46.53	0.18
2016-01-04 10:25:35	46.64	46.74	46.59	46.665	0.15
2016-01-04 10:26:15	46.73	46.8	46.68	46.74	0.12
2016-01-04 10:27:15	46.715	46.91	46.46	46.685	0.45
2016-01-04 10:28:00	46.69	46.74	46.67	46.705	0.07
2016-01-04 10:28:55	46.65	46.87	46.59	46.73	0.28
2016-01-04 10:29:00	46.645	46.67	46.49	46.58	0.18
2016-01-04 10:29:05	46.54	46.67	46.53	46.6	0.14
2016-01-04 10:29:10	46.6	46.63	46.4	46.515	0.23
2016-01-04 10:29:25	46.51	46.64	46.5	46.57	0.14
2016-01-04 10:29:30	46.6	46.7	35.07	40.885	11.63
2016-01-04 10:30:20	46.56	46.62	46.52	46.57	0.1
2016-01-04 10:30:55	46.45	46.54	46.43	46.485	0.11
2016-01-04 10:31:00	46.54	46.54	46.28	46.41	0.26
2016-01-04 10:32:00	46.46	46.52	46.43	46.475	0.09
2016-01-04 10:33:25	46.48	46.51	46.28	46.395	0.23
2016-01-04 10:33:50	46.41	49.76	46.22	47.99	3.54
2016-01-04 10:34:20	46.41	46.42	46.33	46.375	0.09
2016-01-04 10:35:00	46.4	46.41	46.34	46.375	0.07
2016-01-04 10:35:10	46.34	46.36	46.24	46.3	0.12
2016-01-04 10:35:15	46.36	46.52	46.22	46.37	0.3
2016-01-04 10:37:25	46.35	46.42	46.32	46.37	0.1
2016-01-04 10:38:20	46.4	46.41	46.34	46.375	0.07
2016-01-04 10:38:45	46.41	46.44	46.36	46.4	0.08
2016-01-04 10:39:05	46.42	46.55	35.07	40.81	11.48
2016-01-04 10:39:15	46.45	46.6	35.07	40.835	11.53
2016-01-04 10:39:55	46.48	46.64	35.07	40.855	11.57
2016-01-04 10:40:20	46.46	46.45	46.31	46.38	0.14
2016-01-04 10:40:40	46.4	46.71	46.15	46.43	0.56
2016-01-04 10:42:00	46.44	46.55	35.07	40.81	11.48
2016-01-04 10:42:30	46.46	46.55	35.07	40.81	11.48
2016-01-04 10:42:35	46.46	46.6	46.43	46.515	0.17
2016-01-04 10:43:20	46.54	49.76	46.34	48.05	3.42
2016-01-04 10:43:25	46.52	46.7	46.52	46.61	0.18
2016-01-04 10:43:55	46.6	46.7	46.54	46.62	0.16
2016-01-04 10:44:05	46.58	46.8	46.55	46.675	0.25
2016-01-04 10:44:20	46.6	46.72	46.49	46.605	0.23
2016-01-04 10:44:25	46.58	46.72	46.45	46.585	0.27
2016-01-04 10:45:20	46.54	46.61	43.07	44.84	3.54
2016-01-04 10:45:45	46.55	46.72	46.18	46.45	0.54
2016-01-04 10:46:00	46.55	46.68	46.41	46.545	0.27
2016-01-04 10:46:05	46.55	46.56	46.36	46.46	0.2
2016-01-04 10:46:20	46.56	46.95	46.15	46.55	0.8
2016-01-04 10:47:30	46.505	46.66	35.07	40.865	11.59
2016-01-04 10:48:15	46.58	46.65	46.52	46.585	0.13
2016-01-04 10:48:25	46.59	46.69	46.54	46.615	0.15
2016-01-04 10:51:45	46.62	46.63	46.43	46.53	0.2
2016-01-04 10:52:15	46.55	46.63	46.5	46.565	0.13
2016-01-04 10:52:25	46.55	46.8	46.3	46.55	0.5
2016-01-04 10:52:30	46.55	46.8	46.3	46.55	0.5
2016-01-04 10:52:55	46.55	46.81	46.29	46.55	0.52
2016-01-04 10:53:00	46.56	46.8	46.3	46.55	0.5
2016-01-04 10:53:40	46.576	46.58	46.55	46.565	0.03
2016-01-04 10:53:45	46.576	46.6	46.55	46.575	0.05
2016-01-04 10:53:50	46.555	46.58	46.51	46.545	0.07
2016-01-04 10:53:55	46.55	46.81	46.3	46.555	0.51
2016-01-04 10:54:20	46.53	46.8	46.54	46.67	0.26
2016-01-04 10:54:50	46.54	46.58	46.44	46.51	0.14
2016-01-04 10:55:00	46.53	46.57	43.07	44.82	3.5
2016-01-04 10:55:45	46.52	46.66	46.41	46.535	0.25
2016-01-04 11:00:15	46.44	46.58	46.3	46.44	0.28
2016-01-04 11:01:05	46.425	46.43	46.34	46.385	0.09
2016-01-04 11:01:45	46.43	46.52	35.07	40.795	11.45
2016-01-04 11:02:00	46.44	46.52	35.07	40.795	11.45
2016-01-04 11:03:05	46.395	46.42	46.36	46.39	0.06
2016-01-04 11:03:30	46.3407	46.42	46.33	46.375	0.09
2016-01-04 11:03:45	46.33	46.41	46.25	46.33	0.16
2016-01-04 11:04:45	46.36	46.41	46.35	46.38	0.06
2016-01-04 11:05:25	46.35	46.4	46.32	46.36	0.08
2016-01-04 11:05:40	46.33	46.39	46.28	46.335	0.11
2016-01-04 11:05:45	46.36	46.49	35.07	40.78	11.42
2016-01-04 11:06:15	46.32	46.45	35.07	40.76	11.38
2016-01-04 11:06:25	46.32	46.37	46.22	46.295	0.15
2016-01-04 11:07:20	46.32	46.62	46.11	46.365	0.51
2016-01-04 11:07:30	46.32	46.62	46.11	46.365	0.51
2016-01-04 11:07:40	46.32	58.38	46.27	52.325	12.11
2016-01-04 11:08:00	46.3	46.34	46.27	46.305	0.07
2016-01-04 11:08:05	46.33	46.37	46.28	46.325	0.09
2016-01-04 11:08:15	46.37	46.62	46.11	46.365	0.51
2016-01-04 11:08:20	46.36	46.39	46.19	46.29	0.2
2016-01-04 11:08:35	46.31	46.61	46.12	46.365	0.49
2016-01-04 11:09:25	46.31	46.42	46.31	46.365	0.11
2016-01-04 11:09:35	46.33	46.42	46.3	46.36	0.12
2016-01-04 11:09:45	46.3	46.34	46.29	46.315	0.05
2016-01-04 11:09:55	46.29	49.76	46.2	47.98	3.56
2016-01-04 11:10:00	46.25	46.34	46.12	46.23	0.22
2016-01-04 11:10:05	46.23	46.39	46.0	46.195	0.39
2016-01-04 11:11:00	46.26	46.28	35.07	40.675	11.21
2016-01-04 11:12:15	46.23	46.28	35.07	40.675	11.21
2016-01-04 11:13:30	46.29	46.33	46.23	46.28	0.1
2016-01-04 11:13:50	46.3	46.34	35.07	40.705	11.27
2016-01-04 11:14:00	46.34	46.43	46.21	46.32	0.22
2016-01-04 11:14:30	46.27	46.44	35.07	40.755	11.37
2016-01-04 11:15:50	46.32	46.4	35.07	40.735	11.33
2016-01-04 11:17:00	46.37	46.46	46.2	46.33	0.26
2016-01-04 11:18:05	46.37	46.49	35.07	40.78	11.42
2016-01-04 11:18:35	46.38	46.56	46.32	46.44	0.24
2016-01-04 11:18:40	46.38	46.42	46.33	46.375	0.09
2016-01-04 11:19:10	46.32	46.49	35.07	40.78	11.42
2016-01-04 11:19:25	46.33	46.47	46.12	46.295	0.35
2016-01-04 11:19:50	46.28	46.37	46.21	46.29	0.16
2016-01-04 11:19:55	46.29	46.56	46.11	46.335	0.45
2016-01-04 11:20:10	46.28	46.32	46.24	46.28	0.08
2016-01-04 11:21:10	46.26	46.36	46.21	46.285	0.15
2016-01-04 11:22:00	46.17	46.55	46.17	46.36	0.38
2016-01-04 11:22:20	46.23	46.24	46.16	46.2	0.08
2016-01-04 11:22:50	46.3	46.39	46.11	46.25	0.28
2016-01-04 11:23:00	46.34	46.39	46.16	46.275	0.23
2016-01-04 11:23:20	46.33	46.37	46.14	46.255	0.23
2016-01-04 11:23:40	46.38	46.46	46.18	46.32	0.28
2016-01-04 11:24:20	46.295	46.48	46.29	46.385	0.19
2016-01-04 11:24:50	46.41	46.51	46.26	46.385	0.25
2016-01-04 11:24:55	46.43	46.49	46.26	46.375	0.23
2016-01-04 11:25:10	46.47	46.49	46.29	46.39	0.2
2016-01-04 11:25:15	46.42	46.53	46.2	46.365	0.33
2016-01-04 11:25:40	46.33	46.42	46.28	46.35	0.14
2016-01-04 11:26:10	46.31	46.34	46.16	46.25	0.18
2016-01-04 11:26:15	46.24	46.29	46.2	46.245	0.09
2016-01-04 11:26:25	46.2925	46.34	46.12	46.23	0.22
2016-01-04 11:27:05	46.33	46.43	43.07	44.75	3.36
2016-01-04 11:27:10	46.37	46.47	46.32	46.395	0.15
2016-01-04 11:27:30	46.4	46.4	35.07	40.735	11.33
2016-01-04 11:28:25	46.375	46.42	46.21	46.315	0.21
2016-01-04 11:29:05	46.23	46.33	46.19	46.26	0.14
2016-01-04 11:29:35	46.34	46.41	46.31	46.36	0.1
2016-01-04 11:31:20	46.32	46.34	46.14	46.24	0.2
2016-01-04 11:31:25	46.32	46.38	35.07	40.725	11.31
2016-01-04 11:32:25	46.29	46.4	46.15	46.275	0.25
2016-01-04 11:32:45	46.33	46.35	46.15	46.25	0.2
2016-01-04 11:32:55	46.326	46.44	46.29	46.365	0.15
2016-01-04 11:33:15	46.33	46.4	46.31	46.355	0.09
2016-01-04 11:33:20	46.37	46.43	46.34	46.385	0.09
2016-01-04 11:33:25	46.39	46.44	46.34	46.39	0.1
2016-01-04 11:33:55	46.41	46.51	35.07	40.79	11.44
2016-01-04 11:34:10	46.44	46.49	46.4	46.445	0.09
2016-01-04 11:34:45	46.42	46.46	46.3	46.38	0.16
2016-01-04 11:34:50	46.41	46.52	46.37	46.445	0.15
2016-01-04 11:35:50	46.47	46.57	46.41	46.49	0.16
2016-01-04 11:36:30	46.46	46.66	46.14	46.4	0.52
2016-01-04 11:36:45	46.46	46.56	35.07	40.815	11.49
2016-01-04 11:36:55	46.37	46.43	46.33	46.38	0.1
2016-01-04 11:37:15	46.43	46.52	46.34	46.43	0.18
2016-01-04 11:39:20	46.45	46.55	35.07	40.81	11.48
2016-01-04 11:39:40	46.46	46.59	35.07	40.83	11.52
2016-01-04 11:40:00	46.52	46.64	35.07	40.855	11.57
2016-01-04 11:40:05	46.53	46.57	46.51	46.54	0.06
2016-01-04 11:41:00	46.56	46.7	43.07	44.885	3.63
2016-01-04 11:41:20	46.58	46.65	46.45	46.55	0.2
2016-01-04 11:41:50	46.56	46.75	46.43	46.59	0.32
2016-01-04 11:42:25	46.56	46.69	46.48	46.585	0.21
2016-01-04 11:42:35	46.5775	46.64	46.51	46.575	0.13
2016-01-04 11:42:40	46.6	46.69	46.53	46.61	0.16
2016-01-04 11:45:40	46.58	46.61	46.58	46.595	0.03
2016-01-04 11:45:45	46.58	46.69	35.07	40.88	11.62
2016-01-04 11:47:25	46.59	46.71	46.59	46.65	0.12
2016-01-04 11:47:30	46.61	46.7	46.61	46.655	0.09
2016-01-04 11:47:45	46.63	46.73	35.07	40.9	11.66
2016-01-04 11:47:50	46.64	46.73	46.62	46.675	0.11
2016-01-04 11:48:15	46.64	46.73	46.64	46.685	0.09
2016-01-04 11:48:45	46.66	46.82	35.07	40.945	11.75
2016-01-04 11:49:50	46.7	58.38	35.07	46.725	23.31
2016-01-04 11:50:00	46.76	46.82	46.7	46.76	0.12
2016-01-04 11:50:15	46.76	46.91	46.71	46.81	0.2
2016-01-04 11:50:20	46.7101	46.82	46.72	46.77	0.1
2016-01-04 11:52:05	46.74	46.89	46.74	46.815	0.15
2016-01-04 11:52:20	46.775	47.03	46.51	46.77	0.52
2016-01-04 11:53:30	46.78	46.87	46.73	46.8	0.14
2016-01-04 11:53:55	46.765	46.8	46.76	46.78	0.04
2016-01-04 11:54:00	46.78	46.8	46.76	46.78	0.04
2016-01-04 11:55:50	46.76	46.87	46.72	46.795	0.15
2016-01-04 11:55:55	46.77	46.86	35.07	40.965	11.79
2016-01-04 11:56:00	46.784	46.79	46.57	46.68	0.22
2016-01-04 11:56:05	46.79	46.8	46.76	46.78	0.04
2016-01-04 11:56:10	46.76	47.02	46.43	46.725	0.59
2016-01-04 11:56:40	46.8	47.02	46.49	46.755	0.53
2016-01-04 11:58:00	46.79	46.76	46.61	46.685	0.15
2016-01-04 11:58:05	46.74	46.83	46.58	46.705	0.25
2016-01-04 11:58:15	46.77	46.88	35.07	40.975	11.81
2016-01-04 11:58:45	46.88	46.88	46.81	46.845	0.07
2016-01-04 11:59:30	46.8799	46.95	46.51	46.73	0.44
2016-01-04 12:00:05	46.86	47.09	46.5	46.795	0.59
2016-01-04 12:00:45	46.89	47.08	46.51	46.795	0.57
2016-01-04 12:03:00	46.85	46.8	46.68	46.74	0.12
2016-01-04 12:03:05	46.79	46.9	46.59	46.745	0.31
2016-01-04 12:03:45	46.77	46.89	46.57	46.73	0.32
2016-01-04 12:04:55	46.76	46.89	46.5	46.695	0.39
2016-01-04 12:06:40	46.77	47.0	46.5	46.75	0.5
2016-01-04 12:07:00	46.75	46.79	46.71	46.75	0.08
2016-01-04 12:07:15	46.74	46.79	46.73	46.76	0.06
2016-01-04 12:07:40	46.75	46.81	46.72	46.765	0.09
2016-01-04 12:08:05	46.85	46.99	46.57	46.78	0.42
2016-01-04 12:08:10	46.82	46.91	43.55	45.23	3.36
2016-01-04 12:08:45	46.8	46.87	46.78	46.825	0.09
2016-01-04 12:09:00	46.8	46.99	46.56	46.775	0.43
2016-01-04 12:09:10	46.79	46.9	46.78	46.84	0.12
2016-01-04 12:09:20	46.8	46.91	46.67	46.79	0.24
2016-01-04 12:09:55	46.7001	46.76	46.65	46.705	0.11
2016-01-04 12:10:00	46.75	46.85	46.56	46.705	0.29
2016-01-04 12:10:50	46.7	46.99	46.48	46.735	0.51
2016-01-04 12:11:40	46.68	47.1	46.31	46.705	0.79
2016-01-04 12:11:45	46.7	49.76	46.53	48.145	3.23
2016-01-04 12:11:55	46.7	46.79	46.63	46.71	0.16
2016-01-04 12:12:10	46.693	46.89	46.59	46.74	0.3
2016-01-04 12:12:35	46.64	46.89	46.63	46.76	0.26
2016-01-04 12:12:50	46.69	46.76	35.07	40.915	11.69
2016-01-04 12:13:15	46.67	46.77	46.62	46.695	0.15
2016-01-04 12:13:35	46.655	46.69	46.62	46.655	0.07
2016-01-04 12:14:05	46.64	46.99	46.49	46.74	0.5
2016-01-04 12:14:20	46.63	46.67	46.49	46.58	0.18
2016-01-04 12:14:30	46.63	46.66	35.07	40.865	11.59
2016-01-04 12:14:35	46.6	46.61	46.53	46.57	0.08
2016-01-04 12:14:40	46.54	46.94	46.36	46.65	0.58
2016-01-04 12:14:50	46.49	46.66	46.49	46.575	0.17
2016-01-04 12:17:00	46.64	46.74	46.59	46.665	0.15
2016-01-04 12:17:25	46.6599	46.75	46.61	46.68	0.14
2016-01-04 12:18:45	46.66	46.79	46.64	46.715	0.15
2016-01-04 12:19:15	46.71	46.83	46.64	46.735	0.19
2016-01-04 12:19:45	46.66	46.94	46.46	46.7	0.48
2016-01-04 12:19:55	46.67	46.71	46.65	46.68	0.06
2016-01-04 12:20:00	46.64	46.66	46.6	46.63	0.06
2016-01-04 12:20:25	46.6	46.63	35.07	40.85	11.56
2016-01-04 12:20:40	46.59	46.63	46.55	46.59	0.08
2016-01-04 12:20:45	46.59	46.87	46.38	46.625	0.49
2016-01-04 12:22:40	46.6042	46.63	46.56	46.595	0.07
2016-01-04 12:23:05	46.56	46.63	35.07	40.85	11.56
2016-01-04 12:23:25	46.6	46.65	46.56	46.605	0.09
2016-01-04 12:24:00	46.59	46.72	46.43	46.575	0.29
2016-01-04 12:24:05	46.56	46.66	46.44	46.55	0.22
2016-01-04 12:24:10	46.59	58.38	35.07	46.725	23.31
2016-01-04 12:24:15	46.556	46.63	46.53	46.58	0.1
2016-01-04 12:24:20	46.55	46.63	46.54	46.585	0.09
2016-01-04 12:24:50	46.54	46.56	35.07	40.815	11.49
2016-01-04 12:25:15	46.51	46.56	46.46	46.51	0.1
2016-01-04 12:27:10	46.55	46.75	35.07	40.91	11.68
2016-01-04 12:27:50	46.68	46.68	46.6	46.64	0.08
2016-01-04 12:28:20	46.69	46.74	46.65	46.695	0.09
2016-01-04 12:28:55	46.79	46.89	46.67	46.78	0.22
2016-01-04 12:29:00	46.75	46.8	46.71	46.755	0.09
2016-01-04 12:29:05	46.79	46.92	46.64	46.78	0.28
2016-01-04 12:29:10	46.73	46.89	46.67	46.78	0.22
2016-01-04 12:30:05	46.68	46.84	35.07	40.955	11.77
2016-01-04 12:30:25	46.63	46.8	46.55	46.675	0.25
2016-01-04 12:31:25	46.5701	46.73	46.57	46.65	0.16
2016-01-04 12:31:45	46.62	46.65	46.57	46.61	0.08
2016-01-04 12:32:35	46.58	46.85	46.35	46.6	0.5
2016-01-04 12:32:40	46.6	46.74	35.07	40.905	11.67
2016-01-04 12:34:35	46.65	46.71	46.42	46.565	0.29
2016-01-04 12:34:55	46.66	46.71	46.62	46.665	0.09
2016-01-04 12:36:50	46.655	46.75	46.63	46.69	0.12
2016-01-04 12:37:10	46.655	46.79	35.07	40.93	11.72
2016-01-04 12:37:35	46.63	46.65	46.57	46.61	0.08
2016-01-04 12:37:45	46.59	46.74	43.55	45.145	3.19
2016-01-04 12:38:00	46.59	46.74	46.55	46.645	0.19
2016-01-04 12:38:25	46.635	46.67	46.59	46.63	0.08
2016-01-04 12:38:45	46.64	46.68	46.6	46.64	0.08
2016-01-04 12:38:55	46.66	46.66	46.41	46.535	0.25
2016-01-04 12:39:00	46.66	46.68	46.6	46.64	0.08
2016-01-04 12:39:05	46.61	46.63	46.41	46.52	0.22
2016-01-04 12:39:15	46.61	46.67	46.53	46.6	0.14
2016-01-04 12:39:30	46.59	46.63	46.53	46.58	0.1
2016-01-04 12:40:15	46.58	46.7	35.07	40.885	11.63
2016-01-04 12:40:30	46.58	46.79	46.56	46.675	0.23
2016-01-04 12:41:00	46.56	46.65	46.49	46.57	0.16
2016-01-04 12:41:20	46.57	46.69	35.07	40.88	11.62
2016-01-04 12:42:00	46.6	46.7	46.59	46.645	0.11
2016-01-04 12:42:15	46.68	46.71	46.6	46.655	0.11
2016-01-04 12:42:45	46.62	46.72	46.62	46.67	0.1
2016-01-04 12:43:30	46.66	46.78	46.66	46.72	0.12
2016-01-04 12:44:00	46.75	46.89	43.55	45.22	3.34
2016-01-04 12:44:05	46.725	46.82	35.07	40.945	11.75
2016-01-04 12:44:10	46.75	46.78	46.69	46.735	0.09
2016-01-04 12:44:40	46.69	46.75	46.44	46.595	0.31
2016-01-04 12:44:45	46.69	46.79	46.69	46.74	0.1
2016-01-04 12:45:30	46.7	46.8	46.69	46.745	0.11
2016-01-04 12:45:45	46.7	46.83	46.7	46.765	0.13
2016-01-04 12:45:50	46.75	46.79	46.72	46.755	0.07
2016-01-04 12:46:05	46.79	46.79	46.72	46.755	0.07
2016-01-04 12:46:10	46.79	46.87	35.07	40.97	11.8
2016-01-04 12:46:25	46.75	46.84	46.75	46.795	0.09
2016-01-04 12:46:50	46.75	46.77	46.72	46.745	0.05
2016-01-04 12:47:05	46.77	46.81	46.72	46.765	0.09
2016-01-04 12:47:20	46.74	46.78	35.07	40.925	11.71
2016-01-04 12:47:35	46.78	46.77	46.72	46.745	0.05
2016-01-04 12:48:20	46.74	49.76	46.65	48.205	3.11
2016-01-04 12:48:35	46.73	46.74	46.66	46.7	0.08
2016-01-04 12:49:20	46.71	46.71	46.64	46.675	0.07
2016-01-04 12:50:00	46.75	58.38	35.07	46.725	23.31
2016-01-04 12:50:05	46.81	49.76	46.65	48.205	3.11
2016-01-04 12:52:20	46.8	46.84	46.79	46.815	0.05
2016-01-04 12:55:00	46.79	47.03	46.54	46.785	0.49
2016-01-04 12:55:10	46.83	46.96	46.7	46.83	0.26
2016-01-04 12:56:05	46.83	46.86	46.69	46.775	0.17
2016-01-04 12:56:25	46.79	46.84	46.75	46.795	0.09
2016-01-04 12:56:35	46.8	46.85	46.7	46.775	0.15
2016-01-04 12:57:25	46.83	46.94	46.82	46.88	0.12
2016-01-04 12:57:30	46.875	47.03	46.74	46.885	0.29
2016-01-04 12:58:50	46.85	46.87	46.68	46.775	0.19
2016-01-04 13:01:40	46.89	46.94	46.85	46.895	0.09
2016-01-04 13:02:00	46.89	46.94	46.54	46.74	0.4
2016-01-04 13:02:40	46.885	47.1	46.86	46.98	0.24
2016-01-04 13:03:20	46.89	46.93	46.88	46.905	0.05
2016-01-04 13:03:35	46.915	47.03	35.07	41.05	11.96
2016-01-04 13:03:55	46.915	47.11	46.61	46.86	0.5
2016-01-04 13:04:20	46.93	47.03	35.07	41.05	11.96
2016-01-04 13:04:30	46.9	47.11	46.61	46.86	0.5
2016-01-04 13:04:35	46.91	46.95	46.87	46.91	0.08
2016-01-04 13:04:40	46.9	46.92	46.87	46.895	0.05
2016-01-04 13:05:35	46.89	47.03	35.07	41.05	11.96
2016-01-04 13:05:55	46.921	47.03	35.07	41.05	11.96
2016-01-04 13:06:10	46.94	46.94	46.87	46.905	0.07
2016-01-04 13:06:50	46.915	47.1	46.61	46.855	0.49
2016-01-04 13:11:15	46.925	47.03	35.07	41.05	11.96
2016-01-04 13:11:20	46.94	47.11	46.93	47.02	0.18
2016-01-04 13:12:00	46.96	47.13	46.84	46.985	0.29
2016-01-04 13:12:10	46.93	46.97	46.91	46.94	0.06
2016-01-04 13:12:20	46.91	46.95	46.8	46.875	0.15
2016-01-04 13:12:35	46.89	46.92	46.8	46.86	0.12
2016-01-04 13:13:10	46.873	46.93	46.8	46.865	0.13
2016-01-04 13:14:15	46.85	46.9	46.85	46.875	0.05
2016-01-04 13:15:15	46.89	46.96	46.86	46.91	0.1
2016-01-04 13:15:30	46.92	46.93	35.07	41.0	11.86
2016-01-04 13:15:35	46.93	46.98	46.79	46.885	0.19
2016-01-04 13:15:45	46.95	46.99	46.79	46.89	0.2
2016-01-04 13:16:00	46.97	47.01	46.85	46.93	0.16
2016-01-04 13:16:10	47.01	47.08	47.0	47.04	0.08
2016-01-04 13:16:20	47.05	47.08	46.91	46.995	0.17
2016-01-04 13:16:35	47.07	47.08	47.01	47.045	0.07
2016-01-04 13:16:45	47.08	47.17	35.07	41.12	12.1
2016-01-04 13:16:55	47.08	47.1	46.95	47.025	0.15
2016-01-04 13:17:05	47.07	47.17	35.07	41.12	12.1
2016-01-04 13:17:10	47.0	47.03	46.94	46.985	0.09
2016-01-04 13:17:15	47.02	47.1	35.07	41.085	12.03
2016-01-04 13:17:25	47.03	47.08	46.97	47.025	0.11
2016-01-04 13:17:35	47.08	47.12	46.9	47.01	0.22
2016-01-04 13:17:45	47.11	47.19	46.97	47.08	0.22
2016-01-04 13:17:55	47.13	47.23	47.03	47.13	0.2
2016-01-04 13:18:05	47.12	47.17	46.69	46.93	0.48
2016-01-04 13:18:20	47.13	47.16	46.95	47.055	0.21
2016-01-04 13:18:25	47.1	47.33	47.04	47.185	0.29
2016-01-04 13:18:30	47.17	47.2	35.07	41.135	12.13
2016-01-04 13:18:35	47.145	47.23	47.05	47.14	0.18
2016-01-04 13:18:45	47.18	47.24	47.06	47.15	0.18
2016-01-04 13:19:00	47.15	47.28	47.12	47.2	0.16
2016-01-04 13:19:10	47.21	47.25	47.06	47.155	0.19
2016-01-04 13:19:15	47.21	47.46	47.12	47.29	0.34
2016-01-04 13:19:25	47.2	47.25	47.06	47.155	0.19
2016-01-04 13:19:35	47.185	47.3	35.07	41.185	12.23
2016-01-04 13:19:40	47.14	47.15	43.55	45.35	3.6
2016-01-04 13:19:50	47.17	47.27	47.07	47.17	0.2
2016-01-04 13:19:55	47.1	47.17	47.1	47.135	0.07
2016-01-04 13:20:05	47.18	47.3	35.07	41.185	12.23
2016-01-04 13:20:15	47.23	47.34	47.06	47.2	0.28
2016-01-04 13:20:25	47.19	58.38	47.13	52.755	11.25
2016-01-04 13:20:40	47.25	47.4	46.84	47.12	0.56
2016-01-04 13:20:55	47.3	47.4	47.22	47.31	0.18
2016-01-04 13:21:05	47.21	47.4	43.55	45.475	3.85
2016-01-04 13:21:15	47.3	47.5	47.17	47.335	0.33
2016-01-04 13:21:25	47.265	47.4	47.19	47.295	0.21
2016-01-04 13:21:40	47.2636	47.3	47.12	47.21	0.18
2016-01-04 13:21:55	47.19	47.4	47.15	47.275	0.25
2016-01-04 13:22:00	47.14	47.29	47.1	47.195	0.19
2016-01-04 13:22:15	47.14	47.2	46.94	47.07	0.26
2016-01-04 13:23:55	47.01	47.18	46.88	47.03	0.3
2016-01-04 13:25:00	46.94	58.38	46.93	52.655	11.45
2016-01-04 13:25:05	46.95	47.1	46.91	47.005	0.19
2016-01-04 13:26:10	46.96	47.01	46.85	46.93	0.16
2016-01-04 13:27:30	47.02	47.15	35.07	41.11	12.08
2016-01-04 13:27:40	47.05	47.06	46.98	47.02	0.08
2016-01-04 13:27:45	47.06	47.17	46.96	47.065	0.21
2016-01-04 13:29:20	47.09	47.17	47.07	47.12	0.1
2016-01-04 13:30:40	47.1699	47.17	35.07	41.12	12.1
2016-01-04 13:32:20	47.11	47.32	46.85	47.085	0.47
2016-01-04 13:32:25	47.105	47.25	47.06	47.155	0.19
2016-01-04 13:32:40	47.06	47.25	46.93	47.09	0.32
2016-01-04 13:33:10	47.1	47.16	47.07	47.115	0.09
2016-01-04 13:33:50	47.12	47.17	47.09	47.13	0.08
2016-01-04 13:33:55	47.09	47.14	47.0	47.07	0.14
2016-01-04 13:35:45	47.13	47.34	46.85	47.095	0.49
2016-01-04 13:36:05	47.14	47.2	47.05	47.125	0.15
2016-01-04 13:37:00	47.09	47.28	47.06	47.17	0.22
2016-01-04 13:37:20	47.09	47.33	46.82	47.075	0.51
2016-01-04 13:39:05	47.1	47.34	46.82	47.08	0.52
2016-01-04 13:39:40	47.2	47.28	47.14	47.21	0.14
2016-01-04 13:39:45	47.13	47.23	47.07	47.15	0.16
2016-01-04 13:40:00	47.17	47.23	47.11	47.17	0.12
2016-01-04 13:40:15	47.15	47.26	35.07	41.165	12.19
2016-01-04 13:40:35	47.105	47.16	46.96	47.06	0.2
2016-01-04 13:41:45	47.105	47.33	46.84	47.085	0.49
2016-01-04 13:43:05	47.165	58.38	35.07	46.725	23.31
2016-01-04 13:43:25	47.23	47.25	47.16	47.205	0.09
2016-01-04 13:44:05	47.15	47.19	46.96	47.075	0.23
2016-01-04 13:45:10	47.11	47.16	47.07	47.115	0.09
2016-01-04 13:47:10	47.095	47.14	47.06	47.1	0.08
2016-01-04 13:47:15	47.1293	47.14	46.95	47.045	0.19
2016-01-04 13:47:30	47.06	47.14	47.06	47.1	0.08
2016-01-04 13:48:15	46.99	47.06	46.86	46.96	0.2
2016-01-04 13:49:45	46.97	47.0	46.92	46.96	0.08
2016-01-04 13:49:50	46.98	47.09	46.82	46.955	0.27
2016-01-04 13:50:00	46.92	46.95	46.78	46.865	0.17
2016-01-04 13:50:55	46.95	46.99	46.83	46.91	0.16
2016-01-04 13:52:10	46.94	47.06	43.55	45.305	3.51
2016-01-04 13:52:30	47.01	47.12	43.55	45.335	3.57
2016-01-04 13:52:35	47.01	47.1	46.89	46.995	0.21
2016-01-04 13:52:40	46.985	47.14	46.83	46.985	0.31
2016-01-04 13:53:30	47.03	47.05	35.07	41.06	11.98
2016-01-04 13:53:50	47.03	47.05	46.88	46.965	0.17
2016-01-04 13:53:55	46.978	47.05	46.92	46.985	0.13
2016-01-04 13:54:15	46.96	47.03	46.88	46.955	0.15
2016-01-04 13:54:20	46.9	50.24	46.8	48.52	3.44
2016-01-04 13:58:00	46.96	47.28	46.75	47.015	0.53
2016-01-04 13:58:05	46.97	46.99	46.8	46.895	0.19
2016-01-04 13:58:15	46.91	47.25	46.67	46.96	0.58
2016-01-04 13:58:25	46.89	46.92	46.85	46.885	0.07
2016-01-04 13:58:35	46.92	46.92	46.76	46.84	0.16
2016-01-04 13:58:40	46.914	46.92	46.86	46.89	0.06
2016-01-04 13:59:45	46.87	47.03	35.07	41.05	11.96
