time	price	ask	bid	equl	spread
2016-01-04 10:00:09	46.75	47.01	46.35	46.68	0.66
2016-01-04 10:00:15	46.75	47.01	46.35	46.68	0.66
2016-01-04 10:00:24	46.58	46.83	46.48	46.655	0.35
2016-01-04 10:01:17	46.68	58.38	35.07	46.725	23.31
2016-01-04 10:02:07	46.6	46.67	46.47	46.57	0.2
2016-01-04 10:02:08	46.525	46.79	46.41	46.6	0.38
2016-01-04 10:02:35	46.52	46.61	46.39	46.5	0.22
2016-01-04 10:03:11	46.4701	46.59	46.47	46.53	0.12
2016-01-04 10:03:23	46.57	46.72	46.34	46.53	0.38
2016-01-04 10:03:59	46.67	46.8	46.58	46.69	0.22
2016-01-04 10:04:05	46.59	46.76	46.59	46.675	0.17
2016-01-04 10:04:07	46.61	46.86	46.61	46.735	0.25
2016-01-04 10:04:19	46.62	46.74	46.5	46.62	0.24
2016-01-04 10:04:24	46.61	46.74	46.5	46.62	0.24
2016-01-04 10:04:26	46.58	46.86	46.51	46.685	0.35
2016-01-04 10:05:01	46.56	46.85	46.56	46.705	0.29
2016-01-04 10:05:05	46.61	46.79	43.07	44.93	3.72
2016-01-04 10:05:07	46.61	46.7	46.42	46.56	0.28
2016-01-04 10:06:36	46.56	46.66	46.56	46.61	0.1
2016-01-04 10:06:40	46.65	46.74	46.47	46.605	0.27
2016-01-04 10:07:58	46.6	46.76	43.07	44.915	3.69
2016-01-04 10:08:15	46.65	46.7	46.57	46.635	0.13
2016-01-04 10:08:57	46.64	46.86	46.27	46.565	0.59
2016-01-04 10:08:58	46.57	46.68	46.55	46.615	0.13
2016-01-04 10:09:21	46.66	46.86	46.27	46.565	0.59
2016-01-04 10:09:23	46.67	46.76	46.62	46.69	0.14
2016-01-04 10:09:25	46.62	46.72	46.62	46.67	0.1
2016-01-04 10:09:29	46.63	46.84	46.51	46.675	0.33
2016-01-04 10:09:41	46.64	46.77	46.63	46.7	0.14
2016-01-04 10:09:43	46.63	46.73	46.51	46.62	0.22
2016-01-04 10:10:02	46.7	46.72	46.63	46.675	0.09
2016-01-04 10:10:12	46.65	46.71	46.63	46.67	0.08
2016-01-04 10:10:15	46.64	46.71	46.4	46.555	0.31
2016-01-04 10:10:16	46.64	46.68	46.38	46.53	0.3
2016-01-04 10:11:21	46.63	47.04	46.22	46.63	0.82
2016-01-04 10:11:37	46.64	46.68	46.51	46.595	0.17
2016-01-04 10:12:37	46.59	46.86	46.38	46.62	0.48
2016-01-04 10:13:09	46.59	46.74	35.07	40.905	11.67
2016-01-04 10:13:21	46.61	46.73	46.52	46.625	0.21
2016-01-04 10:14:24	46.4975	46.54	46.43	46.485	0.11
2016-01-04 10:14:33	46.51	46.53	46.4	46.465	0.13
2016-01-04 10:14:41	46.51	46.8	46.45	46.625	0.35
2016-01-04 10:14:42	46.52	49.76	46.46	48.11	3.3
2016-01-04 10:14:45	46.55	49.76	46.52	48.14	3.24
2016-01-04 10:15:26	46.65	46.69	46.56	46.625	0.13
2016-01-04 10:15:31	46.67	46.85	46.59	46.72	0.26
2016-01-04 10:15:32	46.7175	46.85	35.07	40.96	11.78
2016-01-04 10:17:32	46.73	46.8	43.07	44.935	3.73
2016-01-04 10:17:34	46.75	46.75	46.69	46.72	0.06
2016-01-04 10:17:37	46.77	46.8	46.68	46.74	0.12
2016-01-04 10:18:07	46.69	46.95	46.45	46.7	0.5
2016-01-04 10:18:08	46.7	46.68	46.51	46.595	0.17
2016-01-04 10:18:47	46.645	46.77	46.59	46.68	0.18
2016-01-04 10:18:48	46.65	58.38	46.49	52.435	11.89
2016-01-04 10:18:51	46.7	46.81	46.62	46.715	0.19
2016-01-04 10:19:06	46.71	46.85	46.66	46.755	0.19
2016-01-04 10:19:11	46.69	46.81	43.07	44.94	3.74
2016-01-04 10:19:15	46.72	46.81	46.67	46.74	0.14
2016-01-04 10:20:44	46.85	46.97	46.8	46.885	0.17
2016-01-04 10:20:52	46.86	46.87	46.81	46.84	0.06
2016-01-04 10:21:02	46.87	46.96	46.82	46.89	0.14
2016-01-04 10:21:10	46.84	47.02	46.83	46.925	0.19
2016-01-04 10:21:14	46.84	46.95	46.83	46.89	0.12
2016-01-04 10:21:16	46.91	47.02	46.74	46.88	0.28
2016-01-04 10:21:52	46.91	47.06	46.53	46.795	0.53
2016-01-04 10:22:29	46.81	46.89	46.54	46.715	0.35
2016-01-04 10:22:30	46.74	46.82	46.61	46.715	0.21
2016-01-04 10:22:31	46.645	46.95	46.57	46.76	0.38
2016-01-04 10:22:36	46.67	46.95	46.51	46.73	0.44
2016-01-04 10:23:31	46.65	46.7	46.55	46.625	0.15
2016-01-04 10:24:05	46.58	46.66	46.42	46.54	0.24
2016-01-04 10:24:59	46.54	46.88	46.54	46.71	0.34
2016-01-04 10:25:24	46.61	46.62	46.44	46.53	0.18
2016-01-04 10:25:37	46.64	46.74	46.59	46.665	0.15
2016-01-04 10:26:14	46.73	46.81	46.54	46.675	0.27
2016-01-04 10:27:16	46.715	46.91	46.46	46.685	0.45
2016-01-04 10:28:02	46.69	46.74	46.67	46.705	0.07
2016-01-04 10:28:57	46.65	46.87	46.59	46.73	0.28
2016-01-04 10:28:58	46.645	46.87	46.49	46.68	0.38
2016-01-04 10:29:07	46.54	46.67	46.53	46.6	0.14
2016-01-04 10:29:11	46.6	46.78	46.39	46.585	0.39
2016-01-04 10:29:26	46.57	46.57	46.47	46.52	0.1
2016-01-04 10:29:27	46.51	46.64	46.5	46.57	0.14
2016-01-04 10:29:28	46.6	46.65	46.51	46.58	0.14
2016-01-04 10:30:19	46.56	46.62	46.52	46.57	0.1
2016-01-04 10:30:53	46.55	46.6	46.45	46.525	0.15
2016-01-04 10:30:54	46.52	46.57	46.46	46.515	0.11
2016-01-04 10:30:55	46.45	46.72	46.33	46.525	0.39
2016-01-04 10:30:59	46.52	46.55	46.45	46.5	0.1
2016-01-04 10:31:00	46.54	58.38	46.47	52.425	11.91
2016-01-04 10:31:59	46.46	46.51	46.0	46.255	0.51
2016-01-04 10:33:24	46.48	46.51	46.28	46.395	0.23
2016-01-04 10:33:48	46.46	46.62	43.55	45.085	3.07
2016-01-04 10:33:49	46.41	46.43	43.07	44.75	3.36
2016-01-04 10:34:22	46.41	46.42	46.33	46.375	0.09
2016-01-04 10:35:02	46.4	46.41	46.34	46.375	0.07
2016-01-04 10:35:09	46.34	46.41	46.07	46.24	0.34
2016-01-04 10:35:15	46.36	46.52	46.33	46.425	0.19
2016-01-04 10:37:23	46.35	46.52	35.07	40.795	11.45
2016-01-04 10:38:20	46.4	46.41	46.35	46.38	0.06
2016-01-04 10:38:44	46.41	46.44	46.36	46.4	0.08
2016-01-04 10:39:03	46.42	46.49	35.07	40.78	11.42
2016-01-04 10:39:15	46.45	58.38	35.07	46.725	23.31
2016-01-04 10:39:54	46.48	46.64	46.41	46.525	0.23
2016-01-04 10:40:22	46.46	46.45	46.31	46.38	0.14
2016-01-04 10:40:40	46.4	46.71	46.15	46.43	0.56
2016-01-04 10:41:59	46.41	46.72	46.36	46.54	0.36
2016-01-04 10:42:01	46.44	46.55	46.26	46.405	0.29
2016-01-04 10:42:35	46.46	46.55	46.3	46.425	0.25
2016-01-04 10:43:19	46.49	46.67	46.45	46.56	0.22
2016-01-04 10:43:22	46.54	49.76	46.34	48.05	3.42
2016-01-04 10:43:25	46.55	46.61	46.47	46.54	0.14
2016-01-04 10:43:26	46.52	46.62	46.37	46.495	0.25
2016-01-04 10:43:57	46.6	46.7	46.54	46.62	0.16
2016-01-04 10:44:07	46.58	46.8	46.55	46.675	0.25
2016-01-04 10:44:21	46.6	46.8	46.59	46.695	0.21
2016-01-04 10:44:26	46.58	46.72	43.07	44.895	3.65
2016-01-04 10:45:19	46.54	46.61	46.49	46.55	0.12
2016-01-04 10:45:47	46.55	46.72	46.18	46.45	0.54
2016-01-04 10:46:02	46.55	46.68	46.41	46.545	0.27
2016-01-04 10:46:07	46.55	46.56	46.36	46.46	0.2
2016-01-04 10:46:20	46.5501	46.61	46.47	46.54	0.14
2016-01-04 10:46:21	46.56	46.71	46.5	46.605	0.21
2016-01-04 10:47:30	46.505	58.38	35.07	46.725	23.31
2016-01-04 10:48:16	46.58	46.62	46.43	46.525	0.19
2016-01-04 10:48:25	46.59	46.69	46.43	46.56	0.26
2016-01-04 10:51:46	46.61	46.65	46.43	46.54	0.22
2016-01-04 10:51:47	46.62	46.63	46.43	46.53	0.2
2016-01-04 10:52:15	46.55	46.6	46.5	46.55	0.1
2016-01-04 10:52:27	46.55	46.8	46.3	46.55	0.5
2016-01-04 10:52:31	46.55	46.81	46.29	46.55	0.52
2016-01-04 10:52:57	46.55	46.81	46.29	46.55	0.52
2016-01-04 10:52:58	46.56	46.81	46.3	46.555	0.51
2016-01-04 10:53:43	46.576	46.6	46.55	46.575	0.05
2016-01-04 10:53:52	46.555	46.58	46.51	46.545	0.07
2016-01-04 10:53:53	46.55	46.69	35.07	40.88	11.62
2016-01-04 10:53:54	46.55	46.57	46.5	46.535	0.07
2016-01-04 10:54:22	46.53	46.8	46.54	46.67	0.26
2016-01-04 10:54:48	46.54	46.59	46.44	46.515	0.15
2016-01-04 10:55:01	46.53	46.66	46.44	46.55	0.22
2016-01-04 10:55:43	46.53	46.65	46.4	46.525	0.25
2016-01-04 10:55:44	46.52	46.54	46.4	46.47	0.14
2016-01-04 11:00:16	46.44	46.48	46.35	46.415	0.13
2016-01-04 11:01:04	46.39	46.44	46.34	46.39	0.1
2016-01-04 11:01:05	46.425	46.57	46.22	46.395	0.35
2016-01-04 11:01:44	46.43	46.47	46.3	46.385	0.17
2016-01-04 11:02:01	46.44	46.45	46.41	46.43	0.04
2016-01-04 11:03:06	46.395	46.52	43.07	44.795	3.45
2016-01-04 11:03:28	46.34	46.41	46.25	46.33	0.16
2016-01-04 11:03:43	46.37	46.41	46.25	46.33	0.16
2016-01-04 11:03:44	46.33	46.41	46.25	46.33	0.16
2016-01-04 11:04:45	46.36	46.42	35.07	40.745	11.35
2016-01-04 11:05:26	46.35	46.4	46.32	46.36	0.08
2016-01-04 11:05:39	46.33	46.42	46.3	46.36	0.12
2016-01-04 11:05:45	46.32	46.62	46.11	46.365	0.51
2016-01-04 11:05:46	46.36	46.62	46.11	46.365	0.51
2016-01-04 11:06:13	46.32	46.45	35.07	40.76	11.38
2016-01-04 11:06:26	46.32	46.37	46.22	46.295	0.15
2016-01-04 11:07:22	46.32	46.62	46.11	46.365	0.51
2016-01-04 11:07:28	46.32	46.62	46.11	46.365	0.51
2016-01-04 11:07:38	46.32	46.42	46.13	46.275	0.29
2016-01-04 11:08:00	46.31	46.63	46.24	46.435	0.39
2016-01-04 11:08:02	46.3	46.34	46.27	46.305	0.07
2016-01-04 11:08:07	46.33	46.37	46.28	46.325	0.09
2016-01-04 11:08:17	46.37	46.62	46.11	46.365	0.51
2016-01-04 11:08:18	46.36	46.43	35.07	40.75	11.36
2016-01-04 11:08:37	46.31	46.61	46.12	46.365	0.49
2016-01-04 11:09:27	46.31	46.42	46.31	46.365	0.11
2016-01-04 11:09:36	46.33	46.36	46.29	46.325	0.07
2016-01-04 11:09:43	46.3	46.34	46.2	46.27	0.14
2016-01-04 11:09:53	46.29	46.32	46.25	46.285	0.07
2016-01-04 11:09:59	46.25	46.39	43.07	44.73	3.32
2016-01-04 11:10:03	46.23	46.62	46.03	46.325	0.59
2016-01-04 11:10:59	46.26	46.31	46.18	46.245	0.13
2016-01-04 11:12:15	46.23	46.33	35.07	40.7	11.26
2016-01-04 11:12:16	46.23	46.27	46.19	46.23	0.08
2016-01-04 11:13:31	46.29	46.55	46.22	46.385	0.33
2016-01-04 11:13:48	46.31	46.36	35.07	40.715	11.29
2016-01-04 11:13:51	46.3	46.45	46.25	46.35	0.2
2016-01-04 11:13:59	46.34	46.44	35.07	40.755	11.37
2016-01-04 11:14:29	46.28	46.32	46.24	46.28	0.08
2016-01-04 11:14:30	46.27	46.3	46.25	46.275	0.05
2016-01-04 11:15:50	46.32	46.55	46.27	46.41	0.28
2016-01-04 11:16:58	46.37	46.4	46.29	46.345	0.11
2016-01-04 11:16:59	46.37	46.46	46.2	46.33	0.26
2016-01-04 11:18:03	46.37	46.49	35.07	40.78	11.42
2016-01-04 11:18:35	46.3201	46.56	46.1	46.33	0.46
2016-01-04 11:18:37	46.38	46.56	46.32	46.44	0.24
2016-01-04 11:18:41	46.38	46.42	46.33	46.375	0.09
2016-01-04 11:19:10	46.32	46.37	35.07	40.72	11.3
2016-01-04 11:19:26	46.33	46.47	43.07	44.77	3.4
2016-01-04 11:19:49	46.28	46.33	46.11	46.22	0.22
2016-01-04 11:19:57	46.29	46.56	46.11	46.335	0.45
2016-01-04 11:20:10	46.28	46.33	35.07	40.7	11.26
2016-01-04 11:21:08	46.285	46.31	46.21	46.26	0.1
2016-01-04 11:21:12	46.26	46.36	46.21	46.285	0.15
2016-01-04 11:22:00	46.17	46.23	46.17	46.2	0.06
2016-01-04 11:22:18	46.3	46.32	46.24	46.28	0.08
2016-01-04 11:22:19	46.3	58.38	46.24	52.31	12.14
2016-01-04 11:22:20	46.3	46.32	46.25	46.285	0.07
2016-01-04 11:22:22	46.23	46.24	46.16	46.2	0.08
2016-01-04 11:22:52	46.3	46.39	46.11	46.25	0.28
2016-01-04 11:23:02	46.34	46.39	46.16	46.275	0.23
2016-01-04 11:23:18	46.37	46.47	43.07	44.77	3.4
2016-01-04 11:23:22	46.33	46.37	46.14	46.255	0.23
2016-01-04 11:23:42	46.38	46.46	46.18	46.32	0.28
2016-01-04 11:24:18	46.295	46.56	46.24	46.4	0.32
2016-01-04 11:24:49	46.38	46.44	46.21	46.325	0.23
2016-01-04 11:24:51	46.41	46.55	46.32	46.435	0.23
2016-01-04 11:24:53	46.43	46.48	46.26	46.37	0.22
2016-01-04 11:24:54	46.43	58.38	46.38	52.38	12.0
2016-01-04 11:25:10	46.43	46.51	46.29	46.4	0.22
2016-01-04 11:25:11	46.47	46.48	46.29	46.385	0.19
2016-01-04 11:25:16	46.42	46.42	46.26	46.34	0.16
2016-01-04 11:25:40	46.33	46.44	46.23	46.335	0.21
2016-01-04 11:26:12	46.31	46.34	46.16	46.25	0.18
2016-01-04 11:26:13	46.24	46.49	46.21	46.35	0.28
2016-01-04 11:26:26	46.2925	46.34	46.12	46.23	0.22
2016-01-04 11:27:03	46.33	46.37	43.07	44.72	3.3
2016-01-04 11:27:11	46.37	49.76	46.19	47.975	3.57
2016-01-04 11:27:28	46.4	46.57	46.08	46.325	0.49
2016-01-04 11:28:24	46.375	46.43	46.25	46.34	0.18
2016-01-04 11:29:05	46.34	46.31	43.07	44.69	3.24
2016-01-04 11:29:07	46.23	46.33	46.19	46.26	0.14
2016-01-04 11:29:34	46.34	49.76	46.15	47.955	3.61
2016-01-04 11:31:20	46.32	46.36	43.07	44.715	3.29
2016-01-04 11:31:23	46.32	46.49	46.23	46.36	0.26
2016-01-04 11:32:26	46.29	46.34	43.07	44.705	3.27
2016-01-04 11:32:46	46.33	49.76	46.15	47.955	3.61
2016-01-04 11:32:54	46.326	46.43	46.18	46.305	0.25
2016-01-04 11:33:13	46.33	46.5	46.29	46.395	0.21
2016-01-04 11:33:21	46.37	46.43	46.21	46.32	0.22
2016-01-04 11:33:25	46.39	46.42	46.33	46.375	0.09
2016-01-04 11:33:55	46.41	46.49	46.27	46.38	0.22
2016-01-04 11:34:11	46.44	46.5	46.42	46.46	0.08
2016-01-04 11:34:48	46.41	46.59	46.34	46.465	0.25
2016-01-04 11:35:52	46.47	46.57	46.41	46.49	0.16
2016-01-04 11:36:30	46.49	46.57	46.43	46.5	0.14
2016-01-04 11:36:31	46.46	46.66	46.13	46.395	0.53
2016-01-04 11:36:43	46.46	46.66	46.14	46.4	0.52
2016-01-04 11:36:55	46.37	46.44	46.32	46.38	0.12
2016-01-04 11:37:17	46.43	46.52	46.34	46.43	0.18
2016-01-04 11:39:20	46.45	46.5	46.4	46.45	0.1
2016-01-04 11:39:40	46.46	46.58	46.45	46.515	0.13
2016-01-04 11:39:59	46.52	49.76	46.34	48.05	3.42
2016-01-04 11:40:03	46.53	46.57	46.45	46.51	0.12
2016-01-04 11:40:58	46.56	46.7	46.41	46.555	0.29
2016-01-04 11:41:18	46.58	46.6	35.07	40.835	11.53
2016-01-04 11:41:48	46.56	46.7	43.07	44.885	3.63
2016-01-04 11:42:23	46.56	46.69	46.44	46.565	0.25
2016-01-04 11:42:34	46.575	46.7	46.42	46.56	0.28
2016-01-04 11:42:37	46.5775	46.64	46.51	46.575	0.13
2016-01-04 11:42:38	46.59	46.68	46.52	46.6	0.16
2016-01-04 11:42:40	46.6	46.64	46.51	46.575	0.13
2016-01-04 11:45:40	46.58	46.61	46.58	46.595	0.03
2016-01-04 11:45:43	46.58	46.61	46.22	46.415	0.39
2016-01-04 11:45:44	46.58	46.61	46.54	46.575	0.07
2016-01-04 11:47:27	46.59	46.71	46.59	46.65	0.12
2016-01-04 11:47:29	46.63	46.71	35.07	40.89	11.64
2016-01-04 11:47:31	46.61	46.73	46.61	46.67	0.12
2016-01-04 11:47:46	46.63	47.08	46.25	46.665	0.83
2016-01-04 11:47:48	46.64	46.83	46.28	46.555	0.55
2016-01-04 11:48:45	46.66	49.76	46.65	48.205	3.11
2016-01-04 11:49:48	46.69	46.85	46.6	46.725	0.25
2016-01-04 11:49:49	46.64	46.83	46.35	46.59	0.48
2016-01-04 11:49:50	46.69	46.95	46.6	46.775	0.35
2016-01-04 11:49:51	46.7	46.78	46.67	46.725	0.11
2016-01-04 11:49:58	46.76	46.92	43.07	44.995	3.85
2016-01-04 11:50:15	46.76	46.91	46.7	46.805	0.21
2016-01-04 11:50:18	46.7101	46.82	46.71	46.765	0.11
2016-01-04 11:52:05	46.74	46.89	46.74	46.815	0.15
2016-01-04 11:52:19	46.775	46.89	35.07	40.98	11.82
2016-01-04 11:53:30	46.765	46.78	46.75	46.765	0.03
2016-01-04 11:53:31	46.765	49.76	46.73	48.245	3.03
2016-01-04 11:53:32	46.78	46.87	46.73	46.8	0.14
2016-01-04 11:53:54	46.765	46.87	46.75	46.81	0.12
2016-01-04 11:54:00	46.78	46.8	46.76	46.78	0.04
2016-01-04 11:55:49	46.76	47.02	46.43	46.725	0.59
2016-01-04 11:55:50	46.76	46.87	46.72	46.795	0.15
2016-01-04 11:55:55	46.77	46.8	46.75	46.775	0.05
2016-01-04 11:56:03	46.79	46.8	46.76	46.78	0.04
2016-01-04 11:56:12	46.76	47.02	46.43	46.725	0.59
2016-01-04 11:56:42	46.8	47.02	46.49	46.755	0.53
2016-01-04 11:58:02	46.79	46.76	46.61	46.685	0.15
2016-01-04 11:58:03	46.73	46.74	46.63	46.685	0.11
2016-01-04 11:58:15	46.73	46.79	46.7	46.745	0.09
2016-01-04 11:58:17	46.77	46.88	35.07	40.975	11.81
2016-01-04 11:58:44	46.82	46.88	46.79	46.835	0.09
2016-01-04 11:58:45	46.88	58.38	46.81	52.595	11.57
2016-01-04 12:00:05	46.86	47.09	46.5	46.795	0.59
2016-01-04 12:03:00	46.85	46.84	46.73	46.785	0.11
2016-01-04 12:03:05	46.79	46.88	46.71	46.795	0.17
2016-01-04 12:03:06	46.79	46.88	46.75	46.815	0.13
2016-01-04 12:03:47	46.77	46.89	46.57	46.73	0.32
2016-01-04 12:04:53	46.76	46.89	46.5	46.695	0.39
2016-01-04 12:06:40	46.77	47.0	46.5	46.75	0.5
2016-01-04 12:06:58	46.75	46.79	35.07	40.93	11.72
2016-01-04 12:06:59	46.75	46.79	46.71	46.75	0.08
2016-01-04 12:07:00	46.75	46.79	46.71	46.75	0.08
2016-01-04 12:07:13	46.74	46.79	46.73	46.76	0.06
2016-01-04 12:07:40	46.74	46.81	46.72	46.765	0.09
2016-01-04 12:07:41	46.75	46.8	46.72	46.76	0.08
2016-01-04 12:08:04	46.74	46.99	46.73	46.86	0.26
2016-01-04 12:08:06	46.76	46.89	46.75	46.82	0.14
2016-01-04 12:08:07	46.85	46.99	46.57	46.78	0.42
2016-01-04 12:08:09	46.8	46.91	35.07	40.99	11.84
2016-01-04 12:08:10	46.84	46.91	46.77	46.84	0.14
2016-01-04 12:08:11	46.82	46.87	46.7	46.785	0.17
2016-01-04 12:08:46	46.8	46.89	46.79	46.84	0.1
2016-01-04 12:09:02	46.8	46.99	46.56	46.775	0.43
2016-01-04 12:09:08	46.79	46.9	46.77	46.835	0.13
2016-01-04 12:09:19	46.8	46.91	43.55	45.23	3.36
2016-01-04 12:09:53	46.76	46.78	46.7	46.74	0.08
2016-01-04 12:09:55	46.7001	46.77	46.7	46.735	0.07
2016-01-04 12:09:58	46.75	46.84	46.7	46.77	0.14
2016-01-04 12:10:51	46.7	46.99	46.48	46.735	0.51
2016-01-04 12:11:41	46.68	47.1	46.24	46.67	0.86
2016-01-04 12:11:43	46.7	46.73	46.59	46.66	0.14
2016-01-04 12:11:56	46.7	46.89	46.6	46.745	0.29
2016-01-04 12:12:33	46.64	46.88	46.63	46.755	0.25
2016-01-04 12:12:48	46.69	46.79	46.63	46.71	0.16
2016-01-04 12:13:13	46.67	46.78	46.49	46.635	0.29
2016-01-04 12:13:34	46.655	46.69	46.62	46.655	0.07
2016-01-04 12:14:05	46.64	46.73	46.6	46.665	0.13
2016-01-04 12:14:19	46.63	46.67	46.49	46.58	0.18
2016-01-04 12:14:28	46.63	46.77	46.6	46.685	0.17
2016-01-04 12:14:37	46.6	46.61	46.53	46.57	0.08
2016-01-04 12:14:40	46.54	46.94	46.48	46.71	0.46
2016-01-04 12:14:48	46.53	46.58	46.49	46.535	0.09
2016-01-04 12:14:51	46.49	46.63	46.36	46.495	0.27
2016-01-04 12:17:01	46.64	46.89	46.6	46.745	0.29
2016-01-04 12:17:23	46.6599	46.71	46.61	46.66	0.1
2016-01-04 12:18:46	46.66	49.76	46.64	48.2	3.12
2016-01-04 12:19:15	46.71	46.87	46.64	46.755	0.23
2016-01-04 12:19:44	46.66	58.38	35.07	46.725	23.31
2016-01-04 12:19:56	46.67	46.71	46.64	46.675	0.07
2016-01-04 12:20:00	46.64	46.83	43.55	45.19	3.28
2016-01-04 12:20:23	46.6	46.64	46.54	46.59	0.1
2016-01-04 12:20:42	46.59	46.63	46.55	46.59	0.08
2016-01-04 12:20:44	46.59	46.63	46.55	46.59	0.08
2016-01-04 12:20:46	46.59	46.87	46.38	46.625	0.49
2016-01-04 12:23:03	46.56	46.63	35.07	40.85	11.56
2016-01-04 12:23:25	46.6	46.72	46.57	46.645	0.15
2016-01-04 12:24:01	46.59	46.61	46.52	46.565	0.09
2016-01-04 12:24:05	46.56	46.88	46.47	46.675	0.41
2016-01-04 12:24:11	46.59	46.87	46.37	46.62	0.5
2016-01-04 12:24:15	46.556	46.87	46.38	46.625	0.49
2016-01-04 12:24:21	46.56	46.56	46.54	46.55	0.02
2016-01-04 12:24:22	46.55	46.63	46.54	46.585	0.09
2016-01-04 12:24:50	46.54	46.58	43.55	45.065	3.03
2016-01-04 12:25:15	46.51	46.65	46.46	46.555	0.19
2016-01-04 12:27:10	46.55	46.72	46.58	46.65	0.14
2016-01-04 12:27:50	46.68	46.73	46.37	46.55	0.36
2016-01-04 12:27:52	46.68	46.68	46.6	46.64	0.08
2016-01-04 12:28:22	46.69	46.74	46.65	46.695	0.09
2016-01-04 12:28:54	46.79	46.84	46.75	46.795	0.09
2016-01-04 12:28:59	46.76	46.83	46.74	46.785	0.09
2016-01-04 12:29:00	46.76	46.83	46.74	46.785	0.09
2016-01-04 12:29:02	46.75	46.8	46.71	46.755	0.09
2016-01-04 12:29:09	46.73	46.76	46.64	46.7	0.12
2016-01-04 12:30:03	46.68	46.84	35.07	40.955	11.77
2016-01-04 12:30:27	46.63	46.8	46.55	46.675	0.25
2016-01-04 12:31:26	46.5701	46.73	46.57	46.65	0.16
2016-01-04 12:31:44	46.62	46.68	46.59	46.635	0.09
2016-01-04 12:32:33	46.6	46.64	46.56	46.6	0.08
2016-01-04 12:32:34	46.59	46.57	46.48	46.525	0.09
2016-01-04 12:32:35	46.58	46.73	46.52	46.625	0.21
2016-01-04 12:32:41	46.6	46.66	46.57	46.615	0.09
2016-01-04 12:34:34	46.65	46.8	35.07	40.935	11.73
2016-01-04 12:34:55	46.66	46.71	46.62	46.665	0.09
2016-01-04 12:36:50	46.655	46.68	46.63	46.655	0.05
2016-01-04 12:37:08	46.655	46.71	46.61	46.66	0.1
2016-01-04 12:37:33	46.63	46.79	43.55	45.17	3.24
2016-01-04 12:37:44	46.59	46.65	35.07	40.86	11.58
2016-01-04 12:38:01	46.59	46.74	46.55	46.645	0.19
2016-01-04 12:38:23	46.635	46.66	46.5	46.58	0.16
2016-01-04 12:38:46	46.64	46.66	35.07	40.865	11.59
2016-01-04 12:38:53	46.66	46.66	46.41	46.535	0.25
2016-01-04 12:39:01	46.66	46.68	46.6	46.64	0.08
2016-01-04 12:39:07	46.61	46.63	46.41	46.52	0.22
2016-01-04 12:39:17	46.61	46.67	46.53	46.6	0.14
2016-01-04 12:40:15	46.58	46.63	46.56	46.595	0.07
2016-01-04 12:40:29	46.58	46.72	43.55	45.135	3.17
2016-01-04 12:41:19	46.57	46.69	46.5	46.595	0.19
2016-01-04 12:41:59	46.6	46.64	46.56	46.6	0.08
2016-01-04 12:42:15	46.635	46.7	46.6	46.65	0.1
2016-01-04 12:42:16	46.68	46.7	46.6	46.65	0.1
2016-01-04 12:43:31	46.66	49.76	46.56	48.16	3.2
2016-01-04 12:43:58	46.75	46.88	35.07	40.975	11.81
2016-01-04 12:44:04	46.725	49.76	46.6	48.18	3.16
2016-01-04 12:44:11	46.75	46.78	46.69	46.735	0.09
2016-01-04 12:44:40	46.69	46.75	46.44	46.595	0.31
2016-01-04 12:44:45	46.69	46.79	46.69	46.74	0.1
2016-01-04 12:45:28	46.7	46.8	46.69	46.745	0.11
2016-01-04 12:45:45	46.7	46.79	46.7	46.745	0.09
2016-01-04 12:45:52	46.75	46.79	46.72	46.755	0.07
2016-01-04 12:46:10	46.79	46.9	46.74	46.82	0.16
2016-01-04 12:46:27	46.75	46.84	46.75	46.795	0.09
2016-01-04 12:46:49	46.75	46.79	46.67	46.73	0.12
2016-01-04 12:46:50	46.75	46.89	35.07	40.98	11.82
2016-01-04 12:47:07	46.77	46.81	46.72	46.765	0.09
2016-01-04 12:47:21	46.74	46.78	46.68	46.73	0.1
2016-01-04 12:47:34	46.78	46.87	46.72	46.795	0.15
2016-01-04 12:48:22	46.74	49.76	46.65	48.205	3.11
2016-01-04 12:48:35	46.73	46.87	43.55	45.21	3.32
2016-01-04 12:49:18	46.71	46.75	43.55	45.15	3.2
2016-01-04 12:50:00	46.68	46.86	46.61	46.735	0.25
2016-01-04 12:50:01	46.73	46.75	46.64	46.695	0.11
2016-01-04 12:50:02	46.75	58.38	35.07	46.725	23.31
2016-01-04 12:50:07	46.81	49.76	46.65	48.205	3.11
2016-01-04 12:52:21	46.8	46.84	46.66	46.75	0.18
2016-01-04 12:55:00	46.79	47.03	46.54	46.785	0.49
2016-01-04 12:55:10	46.83	46.89	46.8	46.845	0.09
2016-01-04 12:56:05	46.82	46.87	46.74	46.805	0.13
2016-01-04 12:56:06	46.81	46.89	46.69	46.79	0.2
2016-01-04 12:56:07	46.83	46.86	46.69	46.775	0.17
2016-01-04 12:56:23	46.79	46.84	43.55	45.195	3.29
2016-01-04 12:56:34	46.8	46.85	46.7	46.775	0.15
2016-01-04 12:57:26	46.83	47.01	46.78	46.895	0.23
2016-01-04 12:57:32	46.875	47.03	46.74	46.885	0.29
2016-01-04 12:58:49	46.85	47.11	46.54	46.825	0.57
2016-01-04 13:01:38	46.89	46.94	46.85	46.895	0.09
2016-01-04 13:02:02	46.89	46.94	46.54	46.74	0.4
2016-01-04 13:02:38	46.885	46.93	46.86	46.895	0.07
2016-01-04 13:03:18	46.89	46.95	46.86	46.905	0.09
2016-01-04 13:03:35	46.915	46.95	46.88	46.915	0.07
2016-01-04 13:03:57	46.915	47.11	46.61	46.86	0.5
2016-01-04 13:04:20	46.91	47.03	35.07	41.05	11.96
2016-01-04 13:04:32	46.9	47.11	46.61	46.86	0.5
2016-01-04 13:04:33	46.91	47.1	46.62	46.86	0.48
2016-01-04 13:04:39	46.89	47.1	46.61	46.855	0.49
2016-01-04 13:04:40	46.9	47.11	46.61	46.86	0.5
2016-01-04 13:05:57	46.921	47.03	35.07	41.05	11.96
2016-01-04 13:06:10	46.94	47.11	46.61	46.86	0.5
2016-01-04 13:11:16	46.925	47.03	46.91	46.97	0.12
2016-01-04 13:11:19	46.94	47.05	46.88	46.965	0.17
2016-01-04 13:11:58	46.96	47.02	46.87	46.945	0.15
2016-01-04 13:12:10	46.93	46.98	46.91	46.945	0.07
2016-01-04 13:12:20	46.91	46.96	43.55	45.255	3.41
2016-01-04 13:12:34	46.89	47.27	46.49	46.88	0.78
2016-01-04 13:14:17	46.85	46.9	46.85	46.875	0.05
2016-01-04 13:15:15	46.89	46.94	46.75	46.845	0.19
2016-01-04 13:15:28	46.92	46.93	35.07	41.0	11.86
2016-01-04 13:15:35	46.93	46.99	35.07	41.03	11.92
2016-01-04 13:15:47	46.95	46.99	46.79	46.89	0.2
2016-01-04 13:16:01	46.97	47.0	46.86	46.93	0.14
2016-01-04 13:16:09	47.01	50.24	46.81	48.525	3.43
2016-01-04 13:16:20	47.05	47.08	46.91	46.995	0.17
2016-01-04 13:16:35	47.07	47.08	47.01	47.045	0.07
2016-01-04 13:16:43	47.08	47.11	46.91	47.01	0.2
2016-01-04 13:16:55	47.08	47.1	47.01	47.055	0.09
2016-01-04 13:17:03	47.07	47.12	46.95	47.035	0.17
2016-01-04 13:17:09	47.0	47.05	43.55	45.3	3.5
2016-01-04 13:17:13	47.02	47.04	46.84	46.94	0.2
2016-01-04 13:17:24	47.03	47.07	46.87	46.97	0.2
2016-01-04 13:17:37	47.08	47.12	46.9	47.01	0.22
2016-01-04 13:17:46	47.11	47.27	47.06	47.165	0.21
2016-01-04 13:17:55	47.13	47.25	46.95	47.1	0.3
2016-01-04 13:18:06	47.12	47.33	46.69	47.01	0.64
2016-01-04 13:18:21	47.13	47.23	47.05	47.14	0.18
2016-01-04 13:18:26	47.1	47.2	47.0	47.1	0.2
2016-01-04 13:18:32	47.17	47.2	35.07	41.135	12.13
2016-01-04 13:18:34	47.145	47.22	47.0	47.11	0.22
2016-01-04 13:18:43	47.18	47.33	47.05	47.19	0.28
2016-01-04 13:18:58	47.22	47.26	47.11	47.185	0.15
2016-01-04 13:18:59	47.15	47.26	47.1	47.18	0.16
2016-01-04 13:19:11	47.21	47.42	46.81	47.115	0.61
2016-01-04 13:19:15	47.21	47.3	47.13	47.215	0.17
2016-01-04 13:19:25	47.2	47.25	47.06	47.155	0.19
2016-01-04 13:19:33	47.185	47.3	35.07	41.185	12.23
2016-01-04 13:19:39	47.14	47.14	46.95	47.045	0.19
2016-01-04 13:19:41	47.14	47.15	46.85	47.0	0.3
2016-01-04 13:19:51	47.17	47.18	47.05	47.115	0.13
2016-01-04 13:19:54	47.1	47.18	46.97	47.075	0.21
2016-01-04 13:20:06	47.18	47.42	46.81	47.115	0.61
2016-01-04 13:20:14	47.23	47.32	47.14	47.23	0.18
2016-01-04 13:20:25	47.19	47.29	47.01	47.15	0.28
2016-01-04 13:20:39	47.25	47.36	43.55	45.455	3.81
2016-01-04 13:20:55	47.3	47.4	35.07	41.235	12.33
2016-01-04 13:21:07	47.21	47.4	43.55	45.475	3.85
2016-01-04 13:21:16	47.3	47.39	35.07	41.23	12.32
2016-01-04 13:21:27	47.265	47.4	47.19	47.295	0.21
2016-01-04 13:21:39	47.2636	47.3	47.12	47.21	0.18
2016-01-04 13:21:54	47.19	47.27	47.1	47.185	0.17
2016-01-04 13:21:58	47.14	47.43	47.02	47.225	0.41
2016-01-04 13:22:14	47.14	47.29	35.07	41.18	12.22
2016-01-04 13:23:53	47.06	47.09	43.55	45.32	3.54
2016-01-04 13:23:54	47.01	50.24	46.85	48.545	3.39
2016-01-04 13:24:58	46.94	47.13	46.93	47.03	0.2
2016-01-04 13:25:04	46.95	47.01	43.55	45.28	3.46
2016-01-04 13:26:09	46.96	47.1	46.87	46.985	0.23
2016-01-04 13:27:29	47.02	47.06	46.98	47.02	0.08
2016-01-04 13:27:38	47.05	47.06	46.98	47.02	0.08
2016-01-04 13:27:44	47.06	47.14	47.05	47.095	0.09
2016-01-04 13:29:18	47.09	47.28	47.0	47.14	0.28
2016-01-04 13:30:39	47.1699	47.17	35.07	41.12	12.1
2016-01-04 13:32:20	47.11	47.16	47.01	47.085	0.15
2016-01-04 13:32:27	47.105	47.25	47.06	47.155	0.19
2016-01-04 13:32:40	47.06	47.25	46.93	47.09	0.32
2016-01-04 13:33:10	47.1	47.17	47.0	47.085	0.17
2016-01-04 13:33:48	47.12	47.29	47.09	47.19	0.2
2016-01-04 13:33:54	47.09	47.31	46.83	47.07	0.48
2016-01-04 13:35:43	47.13	47.2	47.0	47.1	0.2
2016-01-04 13:36:04	47.14	47.3	47.05	47.175	0.25
2016-01-04 13:37:00	47.09	47.16	35.07	41.115	12.09
2016-01-04 13:39:03	47.1	47.34	46.82	47.08	0.52
2016-01-04 13:39:41	47.2	50.24	47.0	48.62	3.24
2016-01-04 13:39:43	47.13	47.27	35.07	41.17	12.2
2016-01-04 13:40:00	47.17	47.23	46.97	47.1	0.26
2016-01-04 13:40:13	47.15	47.32	47.08	47.2	0.24
2016-01-04 13:40:33	47.105	47.23	46.97	47.1	0.26
2016-01-04 13:41:43	47.105	47.19	46.94	47.065	0.25
2016-01-04 13:43:03	47.165	47.29	47.12	47.205	0.17
2016-01-04 13:43:24	47.23	47.32	47.16	47.24	0.16
2016-01-04 13:44:04	47.15	47.32	43.55	45.435	3.77
2016-01-04 13:45:08	47.1591	47.16	46.99	47.075	0.17
2016-01-04 13:45:09	47.11	47.16	46.99	47.075	0.17
2016-01-04 13:47:09	47.095	47.14	47.05	47.095	0.09
2016-01-04 13:47:15	47.0601	47.14	46.95	47.045	0.19
2016-01-04 13:47:29	47.06	47.14	47.06	47.1	0.08
2016-01-04 13:48:15	47.06	47.24	43.55	45.395	3.69
2016-01-04 13:48:16	46.99	47.24	46.86	47.05	0.38
2016-01-04 13:49:44	46.97	47.02	46.86	46.94	0.16
2016-01-04 13:49:49	46.98	47.09	46.86	46.975	0.23
2016-01-04 13:50:00	46.93	46.99	46.87	46.93	0.12
2016-01-04 13:50:02	46.92	46.95	46.78	46.865	0.17
2016-01-04 13:50:53	46.95	47.0	46.89	46.945	0.11
2016-01-04 13:52:12	46.94	47.06	43.55	45.305	3.51
2016-01-04 13:52:28	47.09	47.11	43.55	45.33	3.56
2016-01-04 13:52:30	47.01	47.11	35.07	41.09	12.04
2016-01-04 13:52:36	47.01	47.21	43.55	45.38	3.66
2016-01-04 13:52:39	46.985	47.05	35.07	41.06	11.98
2016-01-04 13:53:32	47.03	47.05	35.07	41.06	11.98
2016-01-04 13:53:51	47.03	47.05	46.88	46.965	0.17
2016-01-04 13:53:54	46.978	47.06	46.88	46.97	0.18
2016-01-04 13:54:16	46.96	47.14	35.07	41.105	12.07
2016-01-04 13:54:20	46.9	46.98	35.07	41.025	11.91
2016-01-04 13:57:59	46.94	47.07	35.07	41.07	12.0
2016-01-04 13:58:01	46.96	47.28	46.75	47.015	0.53
2016-01-04 13:58:16	46.91	47.07	46.87	46.97	0.2
2016-01-04 13:58:23	46.89	46.93	46.8	46.865	0.13
2016-01-04 13:58:36	46.89	46.92	46.76	46.84	0.16
2016-01-04 13:58:39	46.914	46.92	46.76	46.84	0.16
2016-01-04 13:59:45	46.87	46.92	46.86	46.89	0.06
